<?xml version="1.0" encoding="UTF-8"?><collection xmlns="http://www.loc.gov/MARC21/slim"><record><leader>00446nam--2200157-i-4500</leader><controlfield tag="001">000038064</controlfield><controlfield tag="002">20161230</controlfield><controlfield tag="005">20170117234744</controlfield><controlfield tag="008">060222s1000------------r-----000-0-eng-d</controlfield><datafield ind1=" " ind2=" " tag="080"><subfield code="a">621.039.56(061.3)</subfield></datafield><datafield ind1=" " ind2=" " tag="245"><subfield code="a">Reactor dosimetry. Dosimetry methods for fuels, cladding and structural materials</subfield></datafield><datafield ind1=" " ind2=" " tag="260"><subfield code="a">Dordrecht</subfield><subfield code="b">D.Reidel Publ.Comp</subfield><subfield code="c">1985</subfield></datafield><datafield ind1=" " ind2=" " tag="300"><subfield code="a">XXI+528 p</subfield></datafield><datafield ind1=" " ind2=" " tag="700"><subfield code="a">Rottger, H</subfield></datafield><datafield ind1=" " ind2=" " tag="852"><subfield code="a">73167</subfield></datafield><datafield ind1=" " ind2=" " tag="CAT"><subfield code="a">SYS</subfield><subfield code="c">20170117</subfield><subfield code="h">234744</subfield></datafield></record></collection>